@book{hennessy2011computer,
  title={Computer Architecture: A Quantitative Approach},
  author={Hennessy, John L. and Patterson, David A.},
  edition={5},
  year={2011},
  publisher={Morgan Kaufmann},
  address={San Francisco, CA},
  isbn={978-0-12-383872-8}
}

@book{aamodt2018general,
  title={General-Purpose Graphics Processor Architecture},
  author={Aamodt, Tor M and Fung, Wilson Wai Lun and Rogers, Timothy G},
  publisher={Morgan \& Claypool Publishers},
  year={2018},
  series = {Synthesis Lectures on Computer Architecture}
}

@misc{vortex2023,
  author       = {Georgia Tech University},
  title        = {A General-Purpose GPU Accelerator},
  year         = {2023},
  howpublished = {\url{https://github.com/vortexgpgpu/vortex}},
  url          = {https://github.com/vortexgpgpu/vortex},
}

@article{Satriawan2023,
  author        = {Ardianto Satriawan and Infall Syafalni and Rella Mareta and Isa Anshori and Wervyan Shalannanda and Aleams Barra},
  title         = {Conceptual Review on Number Theoretic Transform and Comprehensive Review on Its Implementations},
  journal       = {School of Electrical Engineering and Informatics, Institut Teknologi Bandung},
  year          = {2023},
  address       = {Bandung, Indonesia},
  institution   = {Institut Teknologi Bandung},
}
